<?xml version="1.0" encoding="UTF-8"?>
<record>
  <leader>02319nam#a2200649#c#4500</leader>
  <controlfield tag="005">20210409162614.0</controlfield>
  <controlfield tag="007">tu</controlfield>
  <controlfield tag="008">180322|2018####gw############|||#|#ger#c</controlfield>
  <controlfield tag="003">DE-605</controlfield>
  <controlfield tag="001">990223521400206441</controlfield>
  <datafield tag="015" ind1=" " ind2=" ">
    <subfield code="a">18,N10</subfield>
    <subfield code="2">dnb</subfield>
  </datafield>
  <datafield tag="016" ind1="7" ind2=" ">
    <subfield code="a">1028021052</subfield>
    <subfield code="2">OCoLC</subfield>
  </datafield>
  <datafield tag="016" ind1="7" ind2=" ">
    <subfield code="a">1153355973</subfield>
    <subfield code="2">DE-101b</subfield>
  </datafield>
  <datafield tag="020" ind1=" " ind2=" ">
    <subfield code="a">9783836263702</subfield>
    <subfield code="c">EUR 29.90 (DE), EUR 30.80 (AT), CHF 38.90 (freier Preis)</subfield>
    <subfield code="9">978-3-8362-6370-2</subfield>
  </datafield>
  <datafield tag="020" ind1=" " ind2=" ">
    <subfield code="a">383626370X</subfield>
    <subfield code="9">3-8362-6370-X</subfield>
  </datafield>
  <datafield tag="024" ind1="3" ind2=" ">
    <subfield code="a">9783836263702</subfield>
  </datafield>
  <datafield tag="028" ind1="5" ind2="2">
    <subfield code="a">Bestellnummer: 459/06370</subfield>
  </datafield>
  <datafield tag="035" ind1=" " ind2=" ">
    <subfield code="a">(DE-605)HT019631849</subfield>
  </datafield>
  <datafield tag="040" ind1=" " ind2=" ">
    <subfield code="a">6</subfield>
    <subfield code="b">ger</subfield>
    <subfield code="d">466</subfield>
    <subfield code="e">rda</subfield>
  </datafield>
  <datafield tag="041" ind1=" " ind2=" ">
    <subfield code="a">ger</subfield>
  </datafield>
  <datafield tag="044" ind1=" " ind2=" ">
    <subfield code="c">XA-DE-NW</subfield>
  </datafield>
  <datafield tag="082" ind1="0" ind2=" ">
    <subfield code="a">004</subfield>
    <subfield code="2">23sdnb</subfield>
  </datafield>
  <datafield tag="084" ind1=" " ind2=" ">
    <subfield code="a">004</subfield>
    <subfield code="q">DE-101</subfield>
    <subfield code="2">sdnb</subfield>
  </datafield>
  <datafield tag="100" ind1="1" ind2=" ">
    <subfield code="a">Theis, Thomas</subfield>
    <subfield code="d">1960-</subfield>
    <subfield code="0">(DE-588)13698925X</subfield>
    <subfield code="4">aut</subfield>
    <subfield code="0">https://portal.dnb.de/opac.htm?method=simpleSearch&amp;cqlMode=true&amp;query=idn=13698925X</subfield>
    <subfield code="0">http://viaf.org/viaf/sourceID/DNB|13698925X</subfield>
    <subfield code="B">GND-13698925X</subfield>
  </datafield>
  <datafield tag="245" ind1="1" ind2="0">
    <subfield code="a">Einstieg in JavaScript</subfield>
    <subfield code="c">Thomas Theis</subfield>
  </datafield>
  <datafield tag="250" ind1=" " ind2=" ">
    <subfield code="a">3., aktualisierte Auflage</subfield>
  </datafield>
  <datafield tag="264" ind1=" " ind2="1">
    <subfield code="a">Bonn</subfield>
    <subfield code="b">Rheinwerk Verlag</subfield>
    <subfield code="c">2018</subfield>
  </datafield>
  <datafield tag="300" ind1=" " ind2=" ">
    <subfield code="a">514 Seiten</subfield>
    <subfield code="b">Illustrationen, Diagramme</subfield>
  </datafield>
  <datafield tag="336" ind1=" " ind2=" ">
    <subfield code="b">txt</subfield>
  </datafield>
  <datafield tag="337" ind1=" " ind2=" ">
    <subfield code="b">n</subfield>
  </datafield>
  <datafield tag="338" ind1=" " ind2=" ">
    <subfield code="b">nc</subfield>
  </datafield>
  <datafield tag="490" ind1="0" ind2=" ">
    <subfield code="a">Rheinwerk computing</subfield>
  </datafield>
  <datafield tag="490" ind1="0" ind2=" ">
    <subfield code="a">Programmierung/JavaScript</subfield>
  </datafield>
  <datafield tag="500" ind1=" " ind2=" ">
    <subfield code="a">Auf dem Cover: Inkl. jQuery; Web-Programmierung leicht gemacht; Dynamische Webanwendungen entwickeln, auch für mobile Geräte; Programmiergrundlagen, DOM, CSS, HTML5, Ajax, Onsen UI; mit zahlreichen Beispielprogrammen und Projektvorlagen: Alle beispielprojekte zum Donload</subfield>
    <subfield code="9">F:501</subfield>
  </datafield>
  <datafield tag="653" ind1=" " ind2=" ">
    <subfield code="a">jQuery</subfield>
  </datafield>
  <datafield tag="653" ind1=" " ind2=" ">
    <subfield code="a">HTML5</subfield>
  </datafield>
  <datafield tag="653" ind1=" " ind2=" ">
    <subfield code="a">CSS3</subfield>
  </datafield>
  <datafield tag="653" ind1=" " ind2=" ">
    <subfield code="a">Ajax</subfield>
  </datafield>
  <datafield tag="653" ind1=" " ind2=" ">
    <subfield code="a">XML</subfield>
  </datafield>
  <datafield tag="653" ind1=" " ind2=" ">
    <subfield code="a">jQuery mobile</subfield>
  </datafield>
  <datafield tag="653" ind1=" " ind2=" ">
    <subfield code="a">Browserkompatibilität</subfield>
  </datafield>
  <datafield tag="653" ind1=" " ind2=" ">
    <subfield code="a">JSON</subfield>
  </datafield>
  <datafield tag="653" ind1=" " ind2=" ">
    <subfield code="a">Formulare</subfield>
  </datafield>
  <datafield tag="653" ind1=" " ind2=" ">
    <subfield code="a">iFrames</subfield>
  </datafield>
  <datafield tag="653" ind1=" " ind2=" ">
    <subfield code="a">Web-Apps</subfield>
  </datafield>
  <datafield tag="653" ind1=" " ind2=" ">
    <subfield code="a">JavaScript Frameworks</subfield>
  </datafield>
  <datafield tag="653" ind1=" " ind2=" ">
    <subfield code="a">Responsive Webdesign</subfield>
  </datafield>
  <datafield tag="689" ind1="0" ind2="0">
    <subfield code="a">JavaScript</subfield>
    <subfield code="D">s</subfield>
    <subfield code="0">(DE-588)4420180-1</subfield>
    <subfield code="0">https://portal.dnb.de/opac.htm?method=simpleSearch&amp;cqlMode=true&amp;query=idn=948336188</subfield>
    <subfield code="0">http://viaf.org/viaf/sourceID/DNB|948336188</subfield>
    <subfield code="B">GND-948336188</subfield>
  </datafield>
  <datafield tag="710" ind1="2" ind2=" ">
    <subfield code="a">Galileo Press</subfield>
    <subfield code="0">(DE-588)1065964404</subfield>
    <subfield code="4">pbl</subfield>
    <subfield code="0">https://portal.dnb.de/opac.htm?method=simpleSearch&amp;cqlMode=true&amp;query=idn=1065964404</subfield>
    <subfield code="0">http://viaf.org/viaf/sourceID/DNB|1065964404</subfield>
    <subfield code="B">GND-1065964404</subfield>
  </datafield>
  <datafield tag="856" ind1="4" ind2="2">
    <subfield code="m">X:MVB</subfield>
    <subfield code="q">text/html</subfield>
    <subfield code="u">http://deposit.dnb.de/cgi-bin/dokserv?id=c575d80bb6cd4fbbbe8bf63f61eceae9&amp;prov=M&amp;dok_var=1&amp;dok_ext=htm</subfield>
    <subfield code="3">Inhaltstext</subfield>
  </datafield>
  <datafield tag="856" ind1="4" ind2="2">
    <subfield code="m">B:DE-101</subfield>
    <subfield code="q">application/pdf</subfield>
    <subfield code="u">http://digitale-objekte.hbz-nrw.de/storage2/2018/06/21/file_26/7972761.pdf</subfield>
    <subfield code="3">Inhaltsverzeichnis</subfield>
    <subfield code="9">O:PKN</subfield>
  </datafield>
  <datafield tag="964" ind1="0" ind2="s">
    <subfield code="F">030</subfield>
    <subfield code="A">a||ur||||||17</subfield>
  </datafield>
  <datafield tag="964" ind1="0" ind2="s">
    <subfield code="F">050</subfield>
    <subfield code="A">a|a|||||||||||</subfield>
  </datafield>
  <datafield tag="964" ind1="0" ind2="s">
    <subfield code="F">051</subfield>
    <subfield code="A">m|||||||</subfield>
  </datafield>
  <datafield tag="035" ind1=" " ind2=" ">
    <subfield code="a">(ELiSA)ELiSA-9783836263702</subfield>
  </datafield>
  <datafield tag="035" ind1=" " ind2=" ">
    <subfield code="a">(OCoLC)1028021052</subfield>
  </datafield>
  <datafield tag="035" ind1=" " ind2=" ">
    <subfield code="a">(DE-599)DNB1153355973</subfield>
  </datafield>
  <datafield tag="MBD" ind1=" " ind2=" ">
    <subfield code="M">49HBZ_NETWORK</subfield>
    <subfield code="i">990223521400206441</subfield>
    <subfield code="n">HBZ Network</subfield>
  </datafield>
  <datafield tag="MBD" ind1=" " ind2=" ">
    <subfield code="M">49HBZ_WUP</subfield>
    <subfield code="i">990015332390206447</subfield>
    <subfield code="n">Bergische Universität Wuppertal</subfield>
  </datafield>
  <datafield tag="MBD" ind1=" " ind2=" ">
    <subfield code="M">49HBZ_FDO</subfield>
    <subfield code="i">991004422159706451</subfield>
    <subfield code="n">Fachhochschule Dortmund</subfield>
  </datafield>
  <datafield tag="MBD" ind1=" " ind2=" ">
    <subfield code="M">49HBZ_FSW</subfield>
    <subfield code="i">990011676390106461</subfield>
    <subfield code="n">Fachhochschule Südwestfalen</subfield>
  </datafield>
  <datafield tag="MBD" ind1=" " ind2=" ">
    <subfield code="M">49HBZ_FHA</subfield>
    <subfield code="i">991004270019706444</subfield>
    <subfield code="n">Hochschulbibliothek der FH Aachen</subfield>
  </datafield>
  <datafield tag="MBD" ind1=" " ind2=" ">
    <subfield code="M">49HBZ_BRS</subfield>
    <subfield code="i">991001398129706452</subfield>
    <subfield code="n">Hochschule Bonn-Rhein-Sieg</subfield>
  </datafield>
  <datafield tag="MBD" ind1=" " ind2=" ">
    <subfield code="M">49HBZ_OWL</subfield>
    <subfield code="i">991002555139706468</subfield>
    <subfield code="n">Hochschule Ostwestfalen-Lippe</subfield>
  </datafield>
  <datafield tag="MBD" ind1=" " ind2=" ">
    <subfield code="M">49HBZ_UBD</subfield>
    <subfield code="i">991007713359706445</subfield>
    <subfield code="n">Technische Universität Dortmund</subfield>
  </datafield>
  <datafield tag="MBD" ind1=" " ind2=" ">
    <subfield code="M">49HBZ_ULB</subfield>
    <subfield code="i">991034456659706467</subfield>
    <subfield code="n">Universitaet Bonn</subfield>
  </datafield>
  <datafield tag="MBD" ind1=" " ind2=" ">
    <subfield code="M">49HBZ_UDE</subfield>
    <subfield code="i">990196654710206446</subfield>
    <subfield code="n">Universität Duisburg-Essen</subfield>
  </datafield>
  <datafield tag="MBD" ind1=" " ind2=" ">
    <subfield code="M">49HBZ_UBK</subfield>
    <subfield code="i">991018266469706476</subfield>
    <subfield code="n">Universität Köln</subfield>
  </datafield>
  <datafield tag="MBD" ind1=" " ind2=" ">
    <subfield code="M">49HBZ_ULM</subfield>
    <subfield code="i">991023392509706449</subfield>
    <subfield code="n">Universität Münster</subfield>
  </datafield>
  <datafield tag="MBD" ind1=" " ind2=" ">
    <subfield code="M">49HBZ_PAD</subfield>
    <subfield code="i">990021510650106463</subfield>
    <subfield code="n">Universitätsbibliothek Paderborn</subfield>
  </datafield>
  <datafield tag="MNG" ind1=" " ind2=" ">
    <subfield code="c">System</subfield>
    <subfield code="f">ILS</subfield>
    <subfield code="i">marc21</subfield>
    <subfield code="k">01</subfield>
    <subfield code="e">false</subfield>
    <subfield code="d">2023-04-02 23:43:01 Europe/Berlin</subfield>
    <subfield code="g">022352140-HBZ01</subfield>
    <subfield code="j">60</subfield>
    <subfield code="a">import</subfield>
    <subfield code="b">2021-04-06 01:43:55 Europe/Berlin</subfield>
  </datafield>
  <datafield tag="H52" ind1=" " ind2=" ">
    <subfield code="b">W0001</subfield>
    <subfield code="c">75</subfield>
    <subfield code="h"/>
    <subfield code="8">22143395270006447</subfield>
  </datafield>
  <datafield tag="HOL" ind1=" " ind2=" ">
    <subfield code="b">2021-04-06 08:48:09</subfield>
    <subfield code="8">22143395270006447</subfield>
    <subfield code="M">49HBZ_WUP</subfield>
    <subfield code="g">false</subfield>
    <subfield code="a">import</subfield>
  </datafield>
  <datafield tag="ITM" ind1=" " ind2=" ">
    <subfield code="H">22143395270006447</subfield>
    <subfield code="x">75</subfield>
    <subfield code="f">BOOK</subfield>
    <subfield code="v">75</subfield>
    <subfield code="p">11</subfield>
    <subfield code="X">System</subfield>
    <subfield code="U">2018-08-21 08:45:21 Europe/Berlin</subfield>
    <subfield code="Y">2023-06-19 11:11:25 Europe/Berlin</subfield>
    <subfield code="h">false</subfield>
    <subfield code="n">TYD6226(3)</subfield>
    <subfield code="M">49HBZ_WUP</subfield>
    <subfield code="s">1</subfield>
    <subfield code="d">#</subfield>
    <subfield code="V">import</subfield>
    <subfield code="b">W00274368</subfield>
    <subfield code="a">23143395260006447</subfield>
    <subfield code="t">8</subfield>
    <subfield code="R">Maintenance count: 004</subfield>
    <subfield code="S">M2018-4763</subfield>
    <subfield code="B">2018/10215</subfield>
    <subfield code="D">2018-08-30 06:45:21</subfield>
    <subfield code="W">2018-08-21 02:00:00 Europe/Berlin</subfield>
    <subfield code="u">W0001</subfield>
    <subfield code="w">W0001</subfield>
  </datafield>
  <datafield tag="H52" ind1="8" ind2=" ">
    <subfield code="b">EFS</subfield>
    <subfield code="c">EFS_Haupt</subfield>
    <subfield code="h">TYD 1608(3)</subfield>
    <subfield code="8">2245522390006451</subfield>
  </datafield>
  <datafield tag="HOL" ind1=" " ind2=" ">
    <subfield code="b">2022-07-19 14:10:18</subfield>
    <subfield code="8">2245522390006451</subfield>
    <subfield code="M">49HBZ_FDO</subfield>
    <subfield code="g">false</subfield>
    <subfield code="a">import</subfield>
  </datafield>
  <datafield tag="ITM" ind1=" " ind2=" ">
    <subfield code="H">2245522390006451</subfield>
    <subfield code="x">EFS_Haupt</subfield>
    <subfield code="f">BOOK</subfield>
    <subfield code="v">EFS_Haupt</subfield>
    <subfield code="p">ZZZ</subfield>
    <subfield code="X">System</subfield>
    <subfield code="U">2022-07-19 12:59:00 Europe/Berlin</subfield>
    <subfield code="Y">2023-08-08 09:11:11 Europe/Berlin</subfield>
    <subfield code="h">false</subfield>
    <subfield code="n">TYD 1608(3)</subfield>
    <subfield code="G">1</subfield>
    <subfield code="M">49HBZ_FDO</subfield>
    <subfield code="s">1</subfield>
    <subfield code="d">8</subfield>
    <subfield code="V">import</subfield>
    <subfield code="L">SISIS-Ausleihzähler 2022: 0 | SISIS-Ausleihzähler 2021: 1 | SISIS-Ausleihzähler 2020: 2 | Gesamtausleihen SISIS: 9 | SISIS-Vormerkzähler 2022: 0</subfield>
    <subfield code="b">91036298</subfield>
    <subfield code="N">SISIS-letzte Rückgabe: 2022-01-11 | SISIS-vorletzte Rückgabe: 2020-12-02 | FL-Konditionen: 0 | HT-Nummer des Titelsatzes: HT019631849 | SISIS-Aufnahmedatum: 2018-06-11</subfield>
    <subfield code="a">2345522380006451</subfield>
    <subfield code="c">TYD 1608(3)</subfield>
    <subfield code="B">201804-141</subfield>
    <subfield code="W">2022-07-19 16:10:18 Europe/Berlin</subfield>
    <subfield code="u">EFS</subfield>
    <subfield code="w">EFS</subfield>
  </datafield>
  <datafield tag="H52" ind1="8" ind2="1">
    <subfield code="b">I5002</subfield>
    <subfield code="c">IS</subfield>
    <subfield code="h">Tgm34 4:3</subfield>
    <subfield code="8">2260781860006461</subfield>
  </datafield>
  <datafield tag="HOL" ind1=" " ind2=" ">
    <subfield code="d">2022-07-12 17:33:16</subfield>
    <subfield code="8">2260781860006461</subfield>
    <subfield code="b">2022-06-19 11:54:17</subfield>
    <subfield code="M">49HBZ_FSW</subfield>
    <subfield code="g">false</subfield>
    <subfield code="a">import</subfield>
    <subfield code="c">exl_api</subfield>
  </datafield>
  <datafield tag="ITM" ind1=" " ind2=" ">
    <subfield code="H">2260781860006461</subfield>
    <subfield code="x">IS</subfield>
    <subfield code="f">BOOK</subfield>
    <subfield code="v">IS</subfield>
    <subfield code="p">10</subfield>
    <subfield code="X">System</subfield>
    <subfield code="U">2018-06-19 12:59:00 Europe/Berlin</subfield>
    <subfield code="Y">2022-07-20 16:08:37 Europe/Berlin</subfield>
    <subfield code="h">false</subfield>
    <subfield code="n">M/P-Tgm34 4:3</subfield>
    <subfield code="M">49HBZ_FSW</subfield>
    <subfield code="s">1</subfield>
    <subfield code="d">8</subfield>
    <subfield code="V">import</subfield>
    <subfield code="b">1167639-10</subfield>
    <subfield code="N">Z30-CALL-NO-2: Tgm34 4:3</subfield>
    <subfield code="a">2360781850006461</subfield>
    <subfield code="t">4</subfield>
    <subfield code="R">Maintenance count: 002</subfield>
    <subfield code="c">Tgm34 4:3</subfield>
    <subfield code="B">2018/4981</subfield>
    <subfield code="D">20180711</subfield>
    <subfield code="W">2018-06-19 02:00:00 Europe/Berlin</subfield>
    <subfield code="u">I5002</subfield>
    <subfield code="w">I5002</subfield>
  </datafield>
  <datafield tag="ITM" ind1=" " ind2=" ">
    <subfield code="H">2260781860006461</subfield>
    <subfield code="x">IS</subfield>
    <subfield code="f">BOOK</subfield>
    <subfield code="v">IS</subfield>
    <subfield code="p">10</subfield>
    <subfield code="X">System</subfield>
    <subfield code="U">2018-06-19 12:59:00 Europe/Berlin</subfield>
    <subfield code="Y">2022-07-20 16:08:33 Europe/Berlin</subfield>
    <subfield code="h">false</subfield>
    <subfield code="n">M/P-Tgm34 4:3A</subfield>
    <subfield code="M">49HBZ_FSW</subfield>
    <subfield code="s">1</subfield>
    <subfield code="d">8</subfield>
    <subfield code="V">import</subfield>
    <subfield code="b">1167639-20</subfield>
    <subfield code="N">Z30-CALL-NO-2: Tgm34 4:3A</subfield>
    <subfield code="a">2360781840006461</subfield>
    <subfield code="t">4</subfield>
    <subfield code="R">Maintenance count: 001</subfield>
    <subfield code="c">Tgm34 4:3</subfield>
    <subfield code="B">2018/4982</subfield>
    <subfield code="D">20180711</subfield>
    <subfield code="W">2018-06-19 02:00:00 Europe/Berlin</subfield>
    <subfield code="u">I5002</subfield>
    <subfield code="w">I5002</subfield>
  </datafield>
  <datafield tag="H52" ind1="8" ind2=" ">
    <subfield code="b">JUE</subfield>
    <subfield code="c">JUE_Frei</subfield>
    <subfield code="h">61 TYD 16(3)</subfield>
    <subfield code="8">2284742880006444</subfield>
  </datafield>
  <datafield tag="HOL" ind1=" " ind2=" ">
    <subfield code="b">2021-04-20 15:49:04</subfield>
    <subfield code="8">2284742880006444</subfield>
    <subfield code="M">49HBZ_FHA</subfield>
    <subfield code="g">false</subfield>
    <subfield code="a">import</subfield>
  </datafield>
  <datafield tag="ITM" ind1=" " ind2=" ">
    <subfield code="H">2284742880006444</subfield>
    <subfield code="x">JUE_Frei</subfield>
    <subfield code="f">BOOK</subfield>
    <subfield code="v">JUE_Frei</subfield>
    <subfield code="X">ub1898e</subfield>
    <subfield code="U">2021-04-20 12:59:00 Europe/Berlin</subfield>
    <subfield code="Y">2021-07-27 13:25:13 Europe/Berlin</subfield>
    <subfield code="h">false</subfield>
    <subfield code="P">ClassificationNo: 1318</subfield>
    <subfield code="G">1</subfield>
    <subfield code="Q">Fernleihkonditionen: 0</subfield>
    <subfield code="M">49HBZ_FHA</subfield>
    <subfield code="s">1</subfield>
    <subfield code="d">8</subfield>
    <subfield code="V">import</subfield>
    <subfield code="b">61 TYD 16(3)</subfield>
    <subfield code="O">SISIS-Ausleihzähler Migrationsjahr: 0 | SISIS-Ausleihzähler Vor-Migrationsjahr: 0 | SISIS-Ausleihzähler vorletztes Migrationsjahr: 1 | SISIS-Vormerkzähler Migrationsjahr: 0</subfield>
    <subfield code="N">SISIS-Buchdaten-Aufnahmedatum: 2018-07-05 | Altersbegrenzung: 0</subfield>
    <subfield code="a">2384742870006444</subfield>
    <subfield code="c">61 TYD 16(3)</subfield>
    <subfield code="B">18/2069</subfield>
    <subfield code="W">2021-04-20 17:49:04 Europe/Berlin</subfield>
    <subfield code="u">JUE</subfield>
    <subfield code="w">JUE</subfield>
  </datafield>
  <datafield tag="ITM" ind1=" " ind2=" ">
    <subfield code="H">2284742880006444</subfield>
    <subfield code="x">JUE_Frei</subfield>
    <subfield code="f">BOOK</subfield>
    <subfield code="v">JUE_Frei</subfield>
    <subfield code="X">System</subfield>
    <subfield code="U">2021-04-20 12:59:00 Europe/Berlin</subfield>
    <subfield code="Y">2021-04-20 17:49:41 Europe/Berlin</subfield>
    <subfield code="h">false</subfield>
    <subfield code="P">ClassificationNo: 1318</subfield>
    <subfield code="G">1</subfield>
    <subfield code="Q">Fernleihkonditionen: 0</subfield>
    <subfield code="M">49HBZ_FHA</subfield>
    <subfield code="s">1</subfield>
    <subfield code="d">8</subfield>
    <subfield code="V">import</subfield>
    <subfield code="b">61 TYD 16(3)+1</subfield>
    <subfield code="O">SISIS-Ausleihzähler Migrationsjahr: 0 | SISIS-Ausleihzähler Vor-Migrationsjahr: 1 | SISIS-Ausleihzähler vorletztes Migrationsjahr: 1 | SISIS-Vormerkzähler Migrationsjahr: 0 | SISIS-vorletztes Rückgabedatum: 2020-01-06</subfield>
    <subfield code="N">SISIS-Buchdaten-Aufnahmedatum: 2018-07-05 | Altersbegrenzung: 0</subfield>
    <subfield code="a">2384742860006444</subfield>
    <subfield code="c">61 TYD 16(3)</subfield>
    <subfield code="B">18/2069</subfield>
    <subfield code="W">2021-04-20 17:49:04 Europe/Berlin</subfield>
    <subfield code="u">JUE</subfield>
    <subfield code="w">JUE</subfield>
  </datafield>
  <datafield tag="H52" ind1="8" ind2=" ">
    <subfield code="b">STA</subfield>
    <subfield code="c">STA_FH</subfield>
    <subfield code="h">11 = TYD10534(3)</subfield>
    <subfield code="8">2247701910006452</subfield>
  </datafield>
  <datafield tag="HOL" ind1=" " ind2=" ">
    <subfield code="b">2022-07-06 18:17:21</subfield>
    <subfield code="8">2247701910006452</subfield>
    <subfield code="M">49HBZ_BRS</subfield>
    <subfield code="g">false</subfield>
    <subfield code="a">import</subfield>
  </datafield>
  <datafield tag="H52" ind1="8" ind2=" ">
    <subfield code="b">RHB</subfield>
    <subfield code="c">RHB_FH</subfield>
    <subfield code="h">21 = TYD10534(3)+3</subfield>
    <subfield code="8">2247701850006452</subfield>
  </datafield>
  <datafield tag="HOL" ind1=" " ind2=" ">
    <subfield code="b">2022-07-06 18:17:21</subfield>
    <subfield code="8">2247701850006452</subfield>
    <subfield code="M">49HBZ_BRS</subfield>
    <subfield code="g">false</subfield>
    <subfield code="a">import</subfield>
  </datafield>
  <datafield tag="H52" ind1="8" ind2=" ">
    <subfield code="b">STA</subfield>
    <subfield code="c">STA_FH</subfield>
    <subfield code="h">11 = TYD10534(3)+1</subfield>
    <subfield code="8">2247701870006452</subfield>
  </datafield>
  <datafield tag="HOL" ind1=" " ind2=" ">
    <subfield code="b">2022-07-06 18:17:21</subfield>
    <subfield code="8">2247701870006452</subfield>
    <subfield code="M">49HBZ_BRS</subfield>
    <subfield code="g">false</subfield>
    <subfield code="a">import</subfield>
  </datafield>
  <datafield tag="H52" ind1="8" ind2=" ">
    <subfield code="b">STA</subfield>
    <subfield code="c">STA_FH</subfield>
    <subfield code="h">11 = TYD10534(3)+2</subfield>
    <subfield code="8">2247701890006452</subfield>
  </datafield>
  <datafield tag="HOL" ind1=" " ind2=" ">
    <subfield code="b">2022-07-06 18:17:21</subfield>
    <subfield code="8">2247701890006452</subfield>
    <subfield code="M">49HBZ_BRS</subfield>
    <subfield code="g">false</subfield>
    <subfield code="a">import</subfield>
  </datafield>
  <datafield tag="ITM" ind1=" " ind2=" ">
    <subfield code="H">2247701850006452</subfield>
    <subfield code="x">RHB_FH</subfield>
    <subfield code="f">BOOK</subfield>
    <subfield code="v">RHB_FH</subfield>
    <subfield code="p">ZZZ</subfield>
    <subfield code="X">System</subfield>
    <subfield code="U">2022-07-06 12:59:00 Europe/Berlin</subfield>
    <subfield code="Y">2022-07-06 20:18:01 Europe/Berlin</subfield>
    <subfield code="h">false</subfield>
    <subfield code="n">21 = TYD10534(3)+3</subfield>
    <subfield code="G">1</subfield>
    <subfield code="M">49HBZ_BRS</subfield>
    <subfield code="s">1</subfield>
    <subfield code="d">8</subfield>
    <subfield code="V">import</subfield>
    <subfield code="L">Klassifikation: 1305 | SISIS-Magazindrucker: 0 | HBZ01: HT019631849 | Keine Beilagen: 1</subfield>
    <subfield code="b">22253605</subfield>
    <subfield code="O">SISIS-vorletztes Rückgabedatum: 2020-02-10 | SISIS-Buchdaten-Aufnahmedatum: 2018-07-12 | Fernleihkonditionen: 3 | Sigel: 1044</subfield>
    <subfield code="N">Altersbegrenzung: 0 | SISIS-Ausleihzähler 2022: 0 | SISIS-Ausleihzähler 2021: 0 | SISIS-Ausleihzähler 2020: 2 | Gesamtausleihen SISIS: 4 | SISIS-Vormerkzähler 2022: 0</subfield>
    <subfield code="a">2347701840006452</subfield>
    <subfield code="c">21 = TYD10534(3)+3</subfield>
    <subfield code="B">18-2347</subfield>
    <subfield code="W">2022-07-06 20:17:21 Europe/Berlin</subfield>
    <subfield code="u">RHB</subfield>
    <subfield code="w">RHB</subfield>
  </datafield>
  <datafield tag="ITM" ind1=" " ind2=" ">
    <subfield code="H">2247701870006452</subfield>
    <subfield code="x">STA_FH</subfield>
    <subfield code="f">BOOK</subfield>
    <subfield code="v">STA_FH</subfield>
    <subfield code="p">ZZZ</subfield>
    <subfield code="X">System</subfield>
    <subfield code="U">2022-07-06 12:59:00 Europe/Berlin</subfield>
    <subfield code="Y">2022-07-06 20:18:01 Europe/Berlin</subfield>
    <subfield code="h">false</subfield>
    <subfield code="n">11 = TYD10534(3)+1</subfield>
    <subfield code="G">1</subfield>
    <subfield code="M">49HBZ_BRS</subfield>
    <subfield code="s">1</subfield>
    <subfield code="d">8</subfield>
    <subfield code="V">import</subfield>
    <subfield code="L">Klassifikation: 1305 | SISIS-Magazindrucker: 0 | HBZ01: HT019631849 | Keine Beilagen: 1</subfield>
    <subfield code="b">22174458</subfield>
    <subfield code="O">SISIS-vorletztes Rückgabedatum: 2020-07-07 | SISIS-Buchdaten-Aufnahmedatum: 2018-06-20 | Fernleihkonditionen: 3 | Sigel: 1044</subfield>
    <subfield code="N">Altersbegrenzung: 0 | SISIS-Ausleihzähler 2022: 0 | SISIS-Ausleihzähler 2021: 0 | SISIS-Ausleihzähler 2020: 7 | Gesamtausleihen SISIS: 20 | SISIS-Vormerkzähler 2022: 0</subfield>
    <subfield code="a">2347701860006452</subfield>
    <subfield code="c">11 = TYD10534(3)+1</subfield>
    <subfield code="B">D18-1227</subfield>
    <subfield code="W">2022-07-06 20:17:21 Europe/Berlin</subfield>
    <subfield code="u">STA</subfield>
    <subfield code="w">STA</subfield>
  </datafield>
  <datafield tag="ITM" ind1=" " ind2=" ">
    <subfield code="H">2247701910006452</subfield>
    <subfield code="x">STA_FH</subfield>
    <subfield code="f">BOOK</subfield>
    <subfield code="v">STA_FH</subfield>
    <subfield code="p">ZZZ</subfield>
    <subfield code="X">System</subfield>
    <subfield code="U">2022-07-06 12:59:00 Europe/Berlin</subfield>
    <subfield code="Y">2022-07-06 20:18:01 Europe/Berlin</subfield>
    <subfield code="h">false</subfield>
    <subfield code="n">11 = TYD10534(3)</subfield>
    <subfield code="G">1</subfield>
    <subfield code="M">49HBZ_BRS</subfield>
    <subfield code="s">1</subfield>
    <subfield code="d">8</subfield>
    <subfield code="V">import</subfield>
    <subfield code="L">Klassifikation: 1305 | SISIS-Magazindrucker: 0 | HBZ01: HT019631849 | Keine Beilagen: 1</subfield>
    <subfield code="b">22174464</subfield>
    <subfield code="O">SISIS-vorletztes Rückgabedatum: 2021-06-10 | SISIS-Buchdaten-Aufnahmedatum: 2018-06-20 | Fernleihkonditionen: 3 | Sigel: 1044</subfield>
    <subfield code="N">Altersbegrenzung: 0 | SISIS-Ausleihzähler 2022: 0 | SISIS-Ausleihzähler 2021: 9 | SISIS-Ausleihzähler 2020: 12 | Gesamtausleihen SISIS: 44 | SISIS-Vormerkzähler 2022: 0</subfield>
    <subfield code="a">2347701900006452</subfield>
    <subfield code="c">11 = TYD10534(3)</subfield>
    <subfield code="B">D18-1226</subfield>
    <subfield code="W">2022-07-06 20:17:21 Europe/Berlin</subfield>
    <subfield code="u">STA</subfield>
    <subfield code="w">STA</subfield>
  </datafield>
  <datafield tag="ITM" ind1=" " ind2=" ">
    <subfield code="H">2247701890006452</subfield>
    <subfield code="x">STA_FH</subfield>
    <subfield code="f">BOOK</subfield>
    <subfield code="v">STA_FH</subfield>
    <subfield code="p">ZZZ</subfield>
    <subfield code="X">System</subfield>
    <subfield code="U">2022-07-06 12:59:00 Europe/Berlin</subfield>
    <subfield code="Y">2022-07-06 20:18:01 Europe/Berlin</subfield>
    <subfield code="h">false</subfield>
    <subfield code="n">11 = TYD10534(3)+2</subfield>
    <subfield code="G">1</subfield>
    <subfield code="M">49HBZ_BRS</subfield>
    <subfield code="s">1</subfield>
    <subfield code="d">8</subfield>
    <subfield code="V">import</subfield>
    <subfield code="L">Klassifikation: 1305 | SISIS-Magazindrucker: 0 | HBZ01: HT019631849 | Keine Beilagen: 1</subfield>
    <subfield code="b">22174441</subfield>
    <subfield code="O">SISIS-vorletztes Rückgabedatum: 2019-05-21 | SISIS-Buchdaten-Aufnahmedatum: 2018-06-20 | Fernleihkonditionen: 3 | Sigel: 1044</subfield>
    <subfield code="N">Altersbegrenzung: 0 | SISIS-Ausleihzähler 2022: 0 | SISIS-Ausleihzähler 2021: 0 | SISIS-Ausleihzähler 2020: 4 | Gesamtausleihen SISIS: 10 | SISIS-Vormerkzähler 2022: 0</subfield>
    <subfield code="a">2347701880006452</subfield>
    <subfield code="c">11 = TYD10534(3)+2</subfield>
    <subfield code="B">D18-1228</subfield>
    <subfield code="W">2022-07-06 20:17:21 Europe/Berlin</subfield>
    <subfield code="u">STA</subfield>
    <subfield code="w">STA</subfield>
  </datafield>
  <datafield tag="H52" ind1="8" ind2=" ">
    <subfield code="b">LE</subfield>
    <subfield code="c">LE_Frei</subfield>
    <subfield code="h">TYD398(3)</subfield>
    <subfield code="8">2240036590006468</subfield>
  </datafield>
  <datafield tag="HOL" ind1=" " ind2=" ">
    <subfield code="b">2023-07-18 13:36:19</subfield>
    <subfield code="8">2240036590006468</subfield>
    <subfield code="M">49HBZ_OWL</subfield>
    <subfield code="g">false</subfield>
    <subfield code="a">import</subfield>
  </datafield>
  <datafield tag="ITM" ind1=" " ind2=" ">
    <subfield code="H">2240036590006468</subfield>
    <subfield code="x">LE_Frei</subfield>
    <subfield code="f">BOOK</subfield>
    <subfield code="v">LE_Frei</subfield>
    <subfield code="p">S</subfield>
    <subfield code="X">System</subfield>
    <subfield code="U">2023-07-18 12:59:00 Europe/Berlin</subfield>
    <subfield code="Y">2023-07-18 15:37:17 Europe/Berlin</subfield>
    <subfield code="h">false</subfield>
    <subfield code="n">11TYD398(3)</subfield>
    <subfield code="G">1</subfield>
    <subfield code="M">49HBZ_OWL</subfield>
    <subfield code="s">1</subfield>
    <subfield code="d">8</subfield>
    <subfield code="V">import</subfield>
    <subfield code="L">ClassificationNo: 0 | SISIS-Magazindrucker: 0 | HBZ01: HT019631849 | Anzahl Beilagen: 1</subfield>
    <subfield code="b">11TYD398(3)</subfield>
    <subfield code="O">SISIS-Ausleihzähler vorletztes Migrationsjahr: 0 | SISIS-Vormerkzähler Migrationsjahr: 0 | SISIS-vorletztes Rückgabedatum: 2019-08-30 | SISIS-Buchdaten-Aufnahmedatum: 2018-08-01</subfield>
    <subfield code="N">Fernleihkonditionen: 0 | Sigel: 743 | Klassifikation: 0 | Altersbegrenzung: 0 | SISIS-Ausleihzähler Migrationsjahr: 0 | SISIS-Ausleihzähler Vor-Migrationsjahr: 2</subfield>
    <subfield code="a">2340036580006468</subfield>
    <subfield code="c">TYD398(3)</subfield>
    <subfield code="B">K-1800634</subfield>
    <subfield code="W">2023-07-18 15:36:19 Europe/Berlin</subfield>
    <subfield code="u">LE</subfield>
    <subfield code="w">LE</subfield>
  </datafield>
  <datafield tag="H52" ind1="#" ind2=" ">
    <subfield code="b">S7</subfield>
    <subfield code="c">Freihand</subfield>
    <subfield code="8">22189128760006445</subfield>
  </datafield>
  <datafield tag="HOL" ind1=" " ind2=" ">
    <subfield code="d">2023-08-14 08:58:35</subfield>
    <subfield code="8">22189128760006445</subfield>
    <subfield code="b">2021-04-19 15:11:44</subfield>
    <subfield code="M">49HBZ_UBD</subfield>
    <subfield code="g">false</subfield>
    <subfield code="a">import</subfield>
    <subfield code="c">System</subfield>
  </datafield>
  <datafield tag="ITM" ind1=" " ind2=" ">
    <subfield code="H">22189128760006445</subfield>
    <subfield code="x">Freihand</subfield>
    <subfield code="f">BOOK</subfield>
    <subfield code="v">Freihand</subfield>
    <subfield code="X">System</subfield>
    <subfield code="U">2021-04-19 12:59:00 Europe/Berlin</subfield>
    <subfield code="Y">2023-08-14 10:58:45 Europe/Berlin</subfield>
    <subfield code="h">false</subfield>
    <subfield code="n">Sn 35610/3</subfield>
    <subfield code="G">1</subfield>
    <subfield code="M">49HBZ_UBD</subfield>
    <subfield code="s">1</subfield>
    <subfield code="d">#</subfield>
    <subfield code="V">import</subfield>
    <subfield code="L">ClassificationNo: 1300 | SISIS-Magazindrucker: 0 | HBZ01: HT019631849</subfield>
    <subfield code="b">50000033216</subfield>
    <subfield code="O">SISIS-Ausleihzähler vorletztes Migrationsjahr: 3 | SISIS-Vormerkzähler Migrationsjahr: 0 | SISIS-vorletztes Rückgabedatum: 2019-11-20 | SISIS-Buchdaten-Aufnahmedatum: 2018-06-22</subfield>
    <subfield code="N">Fernleihkonditionen: 0 | Sigel: 290 | Klassifikation: 1300 | Altersbegrenzung: 0 | SISIS-Ausleihzähler Migrationsjahr: 1 | SISIS-Ausleihzähler Vor-Migrationsjahr: 0</subfield>
    <subfield code="a">23189128750006445</subfield>
    <subfield code="B">ZB-133239</subfield>
    <subfield code="W">2021-04-19 17:11:44 Europe/Berlin</subfield>
    <subfield code="u">S7</subfield>
    <subfield code="w">S7</subfield>
  </datafield>
  <datafield tag="H52" ind1="#" ind2=" ">
    <subfield code="b">0</subfield>
    <subfield code="c">0-Mag</subfield>
    <subfield code="h">P 2018/1480</subfield>
    <subfield code="8">22214050910006467</subfield>
  </datafield>
  <datafield tag="HOL" ind1=" " ind2=" ">
    <subfield code="b">2023-07-24 06:13:49</subfield>
    <subfield code="8">22214050910006467</subfield>
    <subfield code="M">49HBZ_ULB</subfield>
    <subfield code="g">false</subfield>
    <subfield code="a">import</subfield>
  </datafield>
  <datafield tag="ITM" ind1=" " ind2=" ">
    <subfield code="H">22214050910006467</subfield>
    <subfield code="x">0-Mag</subfield>
    <subfield code="f">BOOK</subfield>
    <subfield code="v">0-Mag</subfield>
    <subfield code="X">AMO_TL2_FIX</subfield>
    <subfield code="U">2023-07-23 12:59:00 Europe/Berlin</subfield>
    <subfield code="Y">2023-07-25 08:01:39 Europe/Berlin</subfield>
    <subfield code="h">false</subfield>
    <subfield code="n">P 2018/1480</subfield>
    <subfield code="G">1</subfield>
    <subfield code="M">49HBZ_ULB</subfield>
    <subfield code="s">1</subfield>
    <subfield code="d">#</subfield>
    <subfield code="V">import</subfield>
    <subfield code="L">Wei</subfield>
    <subfield code="b">P2018/1480</subfield>
    <subfield code="O">SISIS-Ausleihzähler Migrationsjahr: 0 | SISIS-Ausleihzähler Vor-Migrationsjahr: 0 | SISIS-Ausleihzähler vorletztes Migrationsjahr: 0 | SISIS-Vormerkzähler Migrationsjahr: 0 | SISIS-vorletztes Rückgabedatum: 2019-10-16 | SISIS-Buchdaten-Aufnahmedatum: 2018-06-07</subfield>
    <subfield code="N">SISIS-ULBSystematik: 0 | SISIS-Magazindrucker: 0 | SISIS-Fernleihkonditionen: 0 | SISIS-Medientyp: 0 | Sigel: 5 | SISIS-Entleihbarkeit: S | SISIS-Zweigstelle: 0</subfield>
    <subfield code="a">23214050900006467</subfield>
    <subfield code="c">P 2018/1480</subfield>
    <subfield code="W">2023-07-24 08:13:49 Europe/Berlin</subfield>
    <subfield code="u">0</subfield>
    <subfield code="w">0</subfield>
  </datafield>
  <datafield tag="H52" ind1="8" ind2=" ">
    <subfield code="b">E0001</subfield>
    <subfield code="c">E33</subfield>
    <subfield code="h">TYB1129(3)</subfield>
    <subfield code="8">22416947890006446</subfield>
  </datafield>
  <datafield tag="HOL" ind1=" " ind2=" ">
    <subfield code="b">2021-04-15 18:33:51</subfield>
    <subfield code="8">22416947890006446</subfield>
    <subfield code="M">49HBZ_UDE</subfield>
    <subfield code="g">false</subfield>
    <subfield code="a">import</subfield>
  </datafield>
  <datafield tag="H52" ind1="8" ind2=" ">
    <subfield code="b">D0001</subfield>
    <subfield code="c">D05</subfield>
    <subfield code="h">TWP8474(3)</subfield>
    <subfield code="8">22416947930006446</subfield>
  </datafield>
  <datafield tag="HOL" ind1=" " ind2=" ">
    <subfield code="b">2021-04-15 18:33:51</subfield>
    <subfield code="8">22416947930006446</subfield>
    <subfield code="M">49HBZ_UDE</subfield>
    <subfield code="g">false</subfield>
    <subfield code="a">import</subfield>
  </datafield>
  <datafield tag="H52" ind1="8" ind2=" ">
    <subfield code="b">D0001</subfield>
    <subfield code="c">D01</subfield>
    <subfield code="h">TWP8474(3)</subfield>
    <subfield code="8">22416947950006446</subfield>
  </datafield>
  <datafield tag="HOL" ind1=" " ind2=" ">
    <subfield code="b">2021-04-15 18:33:51</subfield>
    <subfield code="8">22416947950006446</subfield>
    <subfield code="M">49HBZ_UDE</subfield>
    <subfield code="g">false</subfield>
    <subfield code="a">import</subfield>
  </datafield>
  <datafield tag="ITM" ind1=" " ind2=" ">
    <subfield code="H">22416947930006446</subfield>
    <subfield code="x">D05</subfield>
    <subfield code="f">BOOK</subfield>
    <subfield code="v">D05</subfield>
    <subfield code="X">System</subfield>
    <subfield code="U">2018-12-17 11:59:00 Europe/Berlin</subfield>
    <subfield code="Y">2023-03-08 09:14:29 Europe/Berlin</subfield>
    <subfield code="h">false</subfield>
    <subfield code="n">TWP8474(3)+3</subfield>
    <subfield code="P">12</subfield>
    <subfield code="M">49HBZ_UDE</subfield>
    <subfield code="s">1</subfield>
    <subfield code="d">8</subfield>
    <subfield code="V">import</subfield>
    <subfield code="b">DE00648926</subfield>
    <subfield code="a">23416947900006446</subfield>
    <subfield code="t">8</subfield>
    <subfield code="c">TWP8474(3)</subfield>
    <subfield code="S">MB18-8822</subfield>
    <subfield code="B">18/12599</subfield>
    <subfield code="D">20181217</subfield>
    <subfield code="W">2018-12-17 01:00:00 Europe/Berlin</subfield>
    <subfield code="u">D0001</subfield>
    <subfield code="w">D0001</subfield>
  </datafield>
  <datafield tag="ITM" ind1=" " ind2=" ">
    <subfield code="H">22416947930006446</subfield>
    <subfield code="x">D05</subfield>
    <subfield code="f">BOOK</subfield>
    <subfield code="v">D05</subfield>
    <subfield code="X">System</subfield>
    <subfield code="U">2018-12-17 11:59:00 Europe/Berlin</subfield>
    <subfield code="Y">2023-03-08 09:14:29 Europe/Berlin</subfield>
    <subfield code="h">false</subfield>
    <subfield code="n">TWP8474(3)+2</subfield>
    <subfield code="P">12</subfield>
    <subfield code="M">49HBZ_UDE</subfield>
    <subfield code="s">1</subfield>
    <subfield code="d">8</subfield>
    <subfield code="V">import</subfield>
    <subfield code="b">DE00648925</subfield>
    <subfield code="a">23416947910006446</subfield>
    <subfield code="t">8</subfield>
    <subfield code="c">TWP8474(3)</subfield>
    <subfield code="S">MB18-8822</subfield>
    <subfield code="B">18/12598</subfield>
    <subfield code="D">20181217</subfield>
    <subfield code="W">2018-12-17 01:00:00 Europe/Berlin</subfield>
    <subfield code="u">D0001</subfield>
    <subfield code="w">D0001</subfield>
  </datafield>
  <datafield tag="ITM" ind1=" " ind2=" ">
    <subfield code="H">22416947930006446</subfield>
    <subfield code="x">D05</subfield>
    <subfield code="f">BOOK</subfield>
    <subfield code="v">D05</subfield>
    <subfield code="X">System</subfield>
    <subfield code="U">2018-12-17 11:59:00 Europe/Berlin</subfield>
    <subfield code="Y">2023-03-08 09:14:29 Europe/Berlin</subfield>
    <subfield code="h">false</subfield>
    <subfield code="n">TWP8474(3)+1</subfield>
    <subfield code="P">12</subfield>
    <subfield code="M">49HBZ_UDE</subfield>
    <subfield code="s">1</subfield>
    <subfield code="d">8</subfield>
    <subfield code="V">import</subfield>
    <subfield code="b">DE00648924</subfield>
    <subfield code="a">23416947920006446</subfield>
    <subfield code="t">8</subfield>
    <subfield code="c">TWP8474(3)</subfield>
    <subfield code="S">MB18-8822</subfield>
    <subfield code="B">18/12597</subfield>
    <subfield code="D">20181217</subfield>
    <subfield code="W">2018-12-17 01:00:00 Europe/Berlin</subfield>
    <subfield code="u">D0001</subfield>
    <subfield code="w">D0001</subfield>
  </datafield>
  <datafield tag="ITM" ind1=" " ind2=" ">
    <subfield code="H">22416947890006446</subfield>
    <subfield code="x">E33</subfield>
    <subfield code="f">BOOK</subfield>
    <subfield code="v">E33</subfield>
    <subfield code="X">System</subfield>
    <subfield code="U">2018-12-14 11:59:00 Europe/Berlin</subfield>
    <subfield code="Y">2022-11-04 15:10:41 Europe/Berlin</subfield>
    <subfield code="h">false</subfield>
    <subfield code="n">TYB1129(3)+1</subfield>
    <subfield code="P">12</subfield>
    <subfield code="M">49HBZ_UDE</subfield>
    <subfield code="s">1</subfield>
    <subfield code="d">8</subfield>
    <subfield code="V">import</subfield>
    <subfield code="b">DE00644940</subfield>
    <subfield code="a">23416947870006446</subfield>
    <subfield code="t">8</subfield>
    <subfield code="c">TYB1129(3)</subfield>
    <subfield code="S">MB18-8821</subfield>
    <subfield code="B">18/12443</subfield>
    <subfield code="D">20181214</subfield>
    <subfield code="W">2018-12-14 01:00:00 Europe/Berlin</subfield>
    <subfield code="u">E0001</subfield>
    <subfield code="w">E0001</subfield>
  </datafield>
  <datafield tag="ITM" ind1=" " ind2=" ">
    <subfield code="H">22416947890006446</subfield>
    <subfield code="x">E33</subfield>
    <subfield code="f">BOOK</subfield>
    <subfield code="v">E33</subfield>
    <subfield code="X">System</subfield>
    <subfield code="U">2018-12-04 11:59:00 Europe/Berlin</subfield>
    <subfield code="Y">2022-11-04 15:10:44 Europe/Berlin</subfield>
    <subfield code="h">false</subfield>
    <subfield code="n">TYB1129(3)</subfield>
    <subfield code="P">12</subfield>
    <subfield code="M">49HBZ_UDE</subfield>
    <subfield code="s">1</subfield>
    <subfield code="d">8</subfield>
    <subfield code="V">import</subfield>
    <subfield code="b">DE00644939</subfield>
    <subfield code="a">23416947880006446</subfield>
    <subfield code="t">8</subfield>
    <subfield code="c">TYB1129(3)</subfield>
    <subfield code="S">MB18-8821</subfield>
    <subfield code="B">18/12442</subfield>
    <subfield code="D">20181214</subfield>
    <subfield code="W">2018-12-04 01:00:00 Europe/Berlin</subfield>
    <subfield code="u">E0001</subfield>
    <subfield code="w">E0001</subfield>
  </datafield>
  <datafield tag="ITM" ind1=" " ind2=" ">
    <subfield code="H">22416947950006446</subfield>
    <subfield code="x">D01</subfield>
    <subfield code="f">BOOK</subfield>
    <subfield code="v">D01</subfield>
    <subfield code="X">System</subfield>
    <subfield code="U">2018-12-04 11:59:00 Europe/Berlin</subfield>
    <subfield code="Y">2023-03-07 11:04:16 Europe/Berlin</subfield>
    <subfield code="h">false</subfield>
    <subfield code="n">TWP8474(3)</subfield>
    <subfield code="P">12</subfield>
    <subfield code="Q">IF</subfield>
    <subfield code="M">49HBZ_UDE</subfield>
    <subfield code="s">1</subfield>
    <subfield code="d">8</subfield>
    <subfield code="V">import</subfield>
    <subfield code="b">DE00648923</subfield>
    <subfield code="a">23416947940006446</subfield>
    <subfield code="t">8</subfield>
    <subfield code="c">TWP8474(3)</subfield>
    <subfield code="S">MB18-8822</subfield>
    <subfield code="B">18/12596</subfield>
    <subfield code="D">20181217</subfield>
    <subfield code="W">2018-12-04 01:00:00 Europe/Berlin</subfield>
    <subfield code="u">D0001</subfield>
    <subfield code="w">D0001</subfield>
  </datafield>
  <datafield tag="ITM" ind1=" " ind2=" ">
    <subfield code="H">22416947890006446</subfield>
    <subfield code="x">E33</subfield>
    <subfield code="f">BOOK</subfield>
    <subfield code="v">E33</subfield>
    <subfield code="X">CE00001819</subfield>
    <subfield code="U">2018-12-14 11:59:00 Europe/Berlin</subfield>
    <subfield code="Y">2023-02-21 14:15:40 Europe/Berlin</subfield>
    <subfield code="h">false</subfield>
    <subfield code="n">TYB1129(3)+3</subfield>
    <subfield code="P">12</subfield>
    <subfield code="M">49HBZ_UDE</subfield>
    <subfield code="s">0</subfield>
    <subfield code="d">8</subfield>
    <subfield code="V">import</subfield>
    <subfield code="b">DE00644942</subfield>
    <subfield code="a">23416947850006446</subfield>
    <subfield code="t">8</subfield>
    <subfield code="c">TYB1129(3)</subfield>
    <subfield code="r">LOAN</subfield>
    <subfield code="S">MB18-8821</subfield>
    <subfield code="B">18/12445</subfield>
    <subfield code="D">20181214</subfield>
    <subfield code="W">2018-12-14 01:00:00 Europe/Berlin</subfield>
    <subfield code="u">E0001</subfield>
    <subfield code="w">E0001</subfield>
  </datafield>
  <datafield tag="ITM" ind1=" " ind2=" ">
    <subfield code="H">22416947890006446</subfield>
    <subfield code="x">E33</subfield>
    <subfield code="f">BOOK</subfield>
    <subfield code="v">E33</subfield>
    <subfield code="X">System</subfield>
    <subfield code="U">2018-12-14 11:59:00 Europe/Berlin</subfield>
    <subfield code="Y">2022-11-04 15:10:41 Europe/Berlin</subfield>
    <subfield code="h">false</subfield>
    <subfield code="n">TYB1129(3)+2</subfield>
    <subfield code="P">12</subfield>
    <subfield code="M">49HBZ_UDE</subfield>
    <subfield code="s">1</subfield>
    <subfield code="d">8</subfield>
    <subfield code="V">import</subfield>
    <subfield code="b">DE00644941</subfield>
    <subfield code="a">23416947860006446</subfield>
    <subfield code="t">8</subfield>
    <subfield code="c">TYB1129(3)</subfield>
    <subfield code="S">MB18-8821</subfield>
    <subfield code="B">18/12444</subfield>
    <subfield code="D">20181214</subfield>
    <subfield code="W">2018-12-14 01:00:00 Europe/Berlin</subfield>
    <subfield code="u">E0001</subfield>
    <subfield code="w">E0001</subfield>
  </datafield>
  <datafield tag="H52" ind1=" " ind2=" ">
    <subfield code="b">38</subfield>
    <subfield code="c">38-SAB</subfield>
    <subfield code="8">22247867980006476</subfield>
  </datafield>
  <datafield tag="HOL" ind1=" " ind2=" ">
    <subfield code="b">2023-08-22 12:51:07</subfield>
    <subfield code="8">22247867980006476</subfield>
    <subfield code="M">49HBZ_UBK</subfield>
    <subfield code="g">false</subfield>
    <subfield code="a">import</subfield>
  </datafield>
  <datafield tag="ITM" ind1=" " ind2=" ">
    <subfield code="H">22247867980006476</subfield>
    <subfield code="x">38-SAB</subfield>
    <subfield code="f">BOOK</subfield>
    <subfield code="v">38-SAB</subfield>
    <subfield code="p">A</subfield>
    <subfield code="X">AMO_HBZ_FIX</subfield>
    <subfield code="U">2023-08-21 12:59:00 Europe/Berlin</subfield>
    <subfield code="Y">2023-08-24 04:52:25 Europe/Berlin</subfield>
    <subfield code="h">false</subfield>
    <subfield code="n">44A6297</subfield>
    <subfield code="G">1</subfield>
    <subfield code="M">49HBZ_UBK</subfield>
    <subfield code="s">1</subfield>
    <subfield code="d">#</subfield>
    <subfield code="V">import</subfield>
    <subfield code="b">44A6297</subfield>
    <subfield code="O">HBZ01: HT019631849 | Aufnahmedatum: 2018-06-12 | Klassifikation: 5453</subfield>
    <subfield code="a">23247867950006476</subfield>
    <subfield code="W">2023-08-22 14:51:07 Europe/Berlin</subfield>
    <subfield code="u">38</subfield>
    <subfield code="w">38</subfield>
  </datafield>
  <datafield tag="H52" ind1="8" ind2=" ">
    <subfield code="b">ZB</subfield>
    <subfield code="c">ZB_LBM</subfield>
    <subfield code="h">INF 4.5:The</subfield>
    <subfield code="8">22506634660006449</subfield>
  </datafield>
  <datafield tag="HOL" ind1=" " ind2=" ">
    <subfield code="b">2022-07-11 09:03:44</subfield>
    <subfield code="8">22506634660006449</subfield>
    <subfield code="M">49HBZ_ULM</subfield>
    <subfield code="g">false</subfield>
    <subfield code="a">import</subfield>
  </datafield>
  <datafield tag="ITM" ind1=" " ind2=" ">
    <subfield code="H">22506634660006449</subfield>
    <subfield code="x">ZB_LBM</subfield>
    <subfield code="f">BOOK</subfield>
    <subfield code="v">ZB_LBM</subfield>
    <subfield code="X">System</subfield>
    <subfield code="U">2022-07-10 12:59:00 Europe/Berlin</subfield>
    <subfield code="Y">2022-07-27 10:13:22 Europe/Berlin</subfield>
    <subfield code="h">false</subfield>
    <subfield code="n">033 5194</subfield>
    <subfield code="Q">SISIS-Ausleihzähler Migrationsjahr: 3 | SISIS-Ausleihzähler Vor-Migrationsjahr: 0 | SISIS-Ausleihzähler vorletztes Migrationsjahr: 12</subfield>
    <subfield code="M">49HBZ_ULM</subfield>
    <subfield code="s">1</subfield>
    <subfield code="d">8</subfield>
    <subfield code="V">import</subfield>
    <subfield code="b">6-00557803-7</subfield>
    <subfield code="O">Fernleihkonditionen: 3</subfield>
    <subfield code="a">23506634650006449</subfield>
    <subfield code="R">DBS-Systematik: 13</subfield>
    <subfield code="c">INF 4.5:The</subfield>
    <subfield code="W">2022-07-11 11:03:44 Europe/Berlin</subfield>
    <subfield code="u">ZB</subfield>
    <subfield code="w">ZB</subfield>
  </datafield>
  <datafield tag="ITM" ind1=" " ind2=" ">
    <subfield code="H">22506634660006449</subfield>
    <subfield code="x">ZB_LBM</subfield>
    <subfield code="f">BOOK</subfield>
    <subfield code="v">ZB_LBM</subfield>
    <subfield code="X">AMO_TL2_FIX</subfield>
    <subfield code="U">2022-07-10 12:59:00 Europe/Berlin</subfield>
    <subfield code="Y">2022-07-12 13:10:54 Europe/Berlin</subfield>
    <subfield code="h">false</subfield>
    <subfield code="n">033 5194#2</subfield>
    <subfield code="Q">SISIS-Ausleihzähler Migrationsjahr: 0 | SISIS-Ausleihzähler Vor-Migrationsjahr: 0 | SISIS-Ausleihzähler vorletztes Migrationsjahr: 0</subfield>
    <subfield code="M">49HBZ_ULM</subfield>
    <subfield code="s">1</subfield>
    <subfield code="d">8</subfield>
    <subfield code="V">import</subfield>
    <subfield code="b">6-00557802-4</subfield>
    <subfield code="O">Fernleihkonditionen: 3</subfield>
    <subfield code="a">23506634640006449</subfield>
    <subfield code="R">DBS-Systematik: 13</subfield>
    <subfield code="c">INF 4.5:The</subfield>
    <subfield code="W">2022-07-11 11:03:44 Europe/Berlin</subfield>
    <subfield code="u">ZB</subfield>
    <subfield code="w">ZB</subfield>
  </datafield>
  <datafield tag="H52" ind1="8" ind2="1">
    <subfield code="b">P0001</subfield>
    <subfield code="c">UNASSIGNED</subfield>
    <subfield code="8">22127647700006463</subfield>
  </datafield>
  <datafield tag="HOL" ind1=" " ind2=" ">
    <subfield code="b">2022-07-14 09:16:45</subfield>
    <subfield code="8">22127647700006463</subfield>
    <subfield code="M">49HBZ_PAD</subfield>
    <subfield code="g">false</subfield>
    <subfield code="a">import</subfield>
  </datafield>
  <datafield tag="H52" ind1="8" ind2=" ">
    <subfield code="b">P0001</subfield>
    <subfield code="c">41</subfield>
    <subfield code="8">22127647730006463</subfield>
  </datafield>
  <datafield tag="HOL" ind1=" " ind2=" ">
    <subfield code="b">2022-07-14 09:16:45</subfield>
    <subfield code="8">22127647730006463</subfield>
    <subfield code="M">49HBZ_PAD</subfield>
    <subfield code="g">false</subfield>
    <subfield code="a">import</subfield>
  </datafield>
  <datafield tag="ITM" ind1=" " ind2=" ">
    <subfield code="H">22127647730006463</subfield>
    <subfield code="x">41</subfield>
    <subfield code="f">BOOK</subfield>
    <subfield code="v">41</subfield>
    <subfield code="p">20</subfield>
    <subfield code="X">System</subfield>
    <subfield code="U">2020-08-21 12:59:00 Europe/Berlin</subfield>
    <subfield code="Y">2022-07-14 11:17:31 Europe/Berlin</subfield>
    <subfield code="h">false</subfield>
    <subfield code="n">TWP22152(3)</subfield>
    <subfield code="P">30///</subfield>
    <subfield code="M">49HBZ_PAD</subfield>
    <subfield code="s">1</subfield>
    <subfield code="d">8</subfield>
    <subfield code="V">import</subfield>
    <subfield code="b">TWP22152(3)</subfield>
    <subfield code="a">23127647720006463</subfield>
    <subfield code="t">8</subfield>
    <subfield code="S">M-20-4052</subfield>
    <subfield code="B">20/6083</subfield>
    <subfield code="D">20200901</subfield>
    <subfield code="W">2020-08-21 02:00:00 Europe/Berlin</subfield>
    <subfield code="u">P0001</subfield>
    <subfield code="w">P0001</subfield>
  </datafield>
  <datafield tag="ITM" ind1=" " ind2=" ">
    <subfield code="H">22127647730006463</subfield>
    <subfield code="x">41</subfield>
    <subfield code="f">BOOK</subfield>
    <subfield code="v">41</subfield>
    <subfield code="p">20</subfield>
    <subfield code="X">System</subfield>
    <subfield code="U">2020-08-21 12:59:00 Europe/Berlin</subfield>
    <subfield code="Y">2022-07-14 11:17:31 Europe/Berlin</subfield>
    <subfield code="h">false</subfield>
    <subfield code="n">TWP22152(3)+1</subfield>
    <subfield code="P">30///</subfield>
    <subfield code="M">49HBZ_PAD</subfield>
    <subfield code="s">1</subfield>
    <subfield code="d">8</subfield>
    <subfield code="V">import</subfield>
    <subfield code="b">TWP22152(3)+1</subfield>
    <subfield code="a">23127647710006463</subfield>
    <subfield code="t">8</subfield>
    <subfield code="R">Maintenance count: 003</subfield>
    <subfield code="S">M-20-4052</subfield>
    <subfield code="B">20/6084</subfield>
    <subfield code="D">20200901</subfield>
    <subfield code="W">2020-08-21 02:00:00 Europe/Berlin</subfield>
    <subfield code="u">P0001</subfield>
    <subfield code="w">P0001</subfield>
  </datafield>
  <datafield tag="GSI" ind1="7" ind2=" ">
    <subfield code="a">1065964404</subfield>
    <subfield code="0">http://d-nb.info/gnd/1065964404</subfield>
    <subfield code="2">gnd</subfield>
    <subfield code="A">GND</subfield>
    <subfield code="B">GND-1065964404</subfield>
    <subfield code="C">024</subfield>
  </datafield>
  <datafield tag="GPN" ind1="1" ind2=" ">
    <subfield code="a">Theis, Thomas-Michael</subfield>
    <subfield code="d">1960-</subfield>
    <subfield code="A">GND</subfield>
    <subfield code="B">GND-13698925X</subfield>
    <subfield code="C">400</subfield>
  </datafield>
  <datafield tag="GSI" ind1="7" ind2=" ">
    <subfield code="a">13698925X</subfield>
    <subfield code="0">http://d-nb.info/gnd/13698925X</subfield>
    <subfield code="2">gnd</subfield>
    <subfield code="A">GND</subfield>
    <subfield code="B">GND-13698925X</subfield>
    <subfield code="C">024</subfield>
  </datafield>
  <datafield tag="GSI" ind1="7" ind2=" ">
    <subfield code="a">0000-0001-6779-9978</subfield>
    <subfield code="2">orcid</subfield>
    <subfield code="A">GND</subfield>
    <subfield code="B">GND-13698925X</subfield>
    <subfield code="C">024</subfield>
  </datafield>
  <datafield tag="GSI" ind1="7" ind2=" ">
    <subfield code="a">4420180-1</subfield>
    <subfield code="0">http://d-nb.info/gnd/4420180-1</subfield>
    <subfield code="2">gnd</subfield>
    <subfield code="A">GND</subfield>
    <subfield code="B">GND-948336188</subfield>
    <subfield code="C">024</subfield>
  </datafield>
</record>
